@book{macarthur1967,
    title={The theory of island biogeography},
    author={MacArthur, Robert H},
    volume={1},
    year={1967},
    publisher={Princeton University Press}
}

@book{holyoak2005,
    title={Metacommunities: spatial dynamics and ecological communities},
    editor={Marcel Holyoak and Matthew A. Leibold and Robert D. Holt},
    year={2005},
    publisher={The University of Chicago Press Chicago}
}

@book{may1973,
    title={Stability and complexity in model ecosystems},
    author={May, RM},
    series={Monographs in population biology},
    volume={6},
    year={1973}
}

@book{iserles2009,
  title={A first course in the numerical analysis of differential equations},
  author={Iserles, Arieh},
  number={44},
  year={2009},
  publisher={Cambridge University Press}
}

@book{hubbell2001,
  title={The unified neutral theory of biodiversity and biogeography (MPB-32)},
  author={Hubbell, Stephen P},
  volume={32},
  year={2001},
  publisher={Princeton University Press}
}

@book{gurney1998,
  title={Ecological dynamics},
  author={Gurney, William and Nisbet, Roger M},
  year={1998},
  publisher={Oxford University Press, Oxford}
}

@book{murray2002,
    title={Mathematical Biology I: An Introduction},
    series={vol. 17 of Interdisciplinary Applied Mathematics},
    edition={3},
    author={Murray, James D},
    year={2002},
    publisher={Springer, New York, NY, USA,}
}

@book{mccann2011,
    title={Food webs (MPB-50)},
    author={McCann, Kevin S},
    year={2011},
    publisher={Princeton University Press}
}

@book{okubo2001,
    title={Diffusion and ecological problems: modern perspectives},
    author={Okubo, Akira and Levin, Smon A},
    volume={14},
    year={2001},
    publisher={Springer}
}

@book{turchin1998,
    title={Quantitative analysis of movement: measuring and modeling population redistribution in animals and plants},
    author={Turchin, Peter},
    volume={1},
    year={1998},
    publisher={Sinauer Associates Sunderland, Massachusetts, USA}
}

@book{turchin2003,
  title={Complex population dynamics: a theoretical/empirical synthesis},
  author={Turchin, Peter},
  volume={35},
  year={2003},
  publisher={Princeton University Press}
}

@article{leibold2004,
    title={The metacommunity concept: a framework for multi-scale community ecology},
    author={Leibold, Mathew A and Holyoak, M and Mouquet, N and Amarasekare, P and Chase, JM and Hoopes, MF and Holt, RD and Shurin, JB and Law, R and Tilman, D and others},
    journal={Ecology letters},
    volume={7},
    number={7},
    pages={601--613},
    year={2004},
    publisher={Wiley Online Library}
}

@article{hanski1991,
    title={Metapopulation dynamics: brief history and conceptual domain},
    author={Hanski, Ilkka and Gilpin, Michael},
    journal={Biological journal of the Linnean Society},
    volume={42},
    number={1-2},
    pages={3--16},
    year={1991},
    publisher={Wiley Online Library}
}

@article{levins1969,
    title={Some demographic and genetic consequences of environmental heterogeneity for biological control},
    author={Levins, Richard},
    journal={Bulletin of the ESA},
    volume={15},
    number={3},
    pages={237--240},
    year={1969},
    publisher={Entomological Society of America}
}

@article{levins1971,
    title={Regional coexistence of species and competition between rare species},
    author={Levins, Richard and Culver, David},
    journal={Proceedings of the National Academy of Sciences},
    volume={68},
    number={6},
    pages={1246--1248},
    year={1971},
    publisher={National Acad Sciences}
}

@article{slatkin1974,
    title={Competition and regional coexistence},
    author={Slatkin, Montgomery},
    journal={Ecology},
    volume={55},
    number={1},
    pages={128--134},
    year={1974},
    publisher={JSTOR}
}

@article{logue2011,
    title={Empirical approaches to metacommunities: a review and comparison with theory},
    author={Logue, J{\"u}rg B and Mouquet, Nicolas and Peter, Hannes and Hillebrand, Helmut},
    journal={Trends in ecology \& evolution},
    volume={26},
    number={9},
    pages={482--491},
    year={2011},
    publisher={Elsevier}
}

@article{chesson1981,
    title={Models for spatially distributed populations: the effect of within-patch variability},
    author={Chesson, Peter L},
    journal={Theoretical Population Biology},
    volume={19},
    number={3},
    pages={288--325},
    year={1981},
    publisher={Elsevier}
}


@article{chesson1998,
    title={Making sense of spatial models in ecology},
    author={Chesson, Peter},
    journal={Modeling spatiotemporal dynamics in ecology},
    pages={151--166},
    year={1998},
    publisher={Springer-Verlag Berlin, Germany}
}

@article{chesson2005,
    title={Scale transition theory for understanding mechanisms in metacommunities},
    author={Chesson, Peter and Donahue, Megan J and Melbourne, Brett A and Sears, Anna LW},
    journal={Metacommunities: spatial dynamics and ecological communities},
    pages={279--306},
    year={2005},
    publisher={University of Chicago Press}
}

@article{amarasekare2001,
    title={Spatial heterogeneity, source-sink dynamics, and the local coexistence of competing species},
    author={Amarasekare, Priyanga and Nisbet, Roger M},
    journal={The American Naturalist},
    volume={158},
    number={6},
    pages={572--584},
    year={2001},
    publisher={JSTOR}
}

@article{amarasekare2003,
  title={Competitive coexistence in spatially structured environments: a synthesis},
  author={Amarasekare, Priyanga},
  journal={Ecology Letters},
  volume={6},
  number={12},
  pages={1109--1122},
  year={2003},
  publisher={Wiley Online Library}
}

@article{law2000,
    title={A dynamical system for neighborhoods inplant communities},
    author={Law, Richard and Dieckmann, Ulf},
    journal={Ecology},
    volume={81},
    number={8},
    pages={2137--2148},
    year={2000},
    publisher={Eco Soc America}
}

@article{holt1997,
    title={A theoretical framework for intraguild predation},
    author={Holt, Robert D and Polis, Gary A},
    journal={American Naturalist},
    volume={149},
    number={4},
    pages={745--764},
    year={1997},
    publisher={JSTOR}
}

@article{hanski1983,
    title={Coexistence of competitors in patchy environment},
    author={Hanski, Ilkka},
    journal={Ecology},
    pages={493--500},
    year={1983},
    publisher={JSTOR}
}

@article{ovaskainen2003,
    title={Biased movement at a boundary and conditional occupancy times for diffusion processes},
    author={Ovaskainen, Otso and Cornell, Stephen J},
    journal={Journal of Applied Probability},
    volume={40},
    number={3},
    pages={557--580},
    year={2003},
    publisher={JSTOR}
}

@article{takimoto2012,
    title={Effects of productivity, disturbance, and ecosystem size on food-chain length: insights from a metacommunity model of intraguild predation},
    author={Takimoto, Gaku and Post, David M and Spiller, David A and Holt, Robert D},
    journal={Ecological research},
    volume={27},
    number={3},
    pages={481--493},
    year={2012},
    publisher={Springer}
}

@article{calcagno2006,
    title={Coexistence in a metacommunity: the competition--colonization trade-off is not dead},
    author={Calcagno, Vincent and Mouquet, Nicolas and Jarne, Philippe and David, P},
    journal={Ecology Letters},
    volume={9},
    number={8},
    pages={897--907},
    year={2006},
    publisher={Wiley Online Library}
}

@article{cadotte2006,
    title={Metacommunity influences on community richness at multiple spatial scales: a microcosm experiment},
    author={Cadotte, Marc W},
    journal={Ecology},
    volume={87},
    number={4},
    pages={1008--1016},
    year={2006},
    publisher={Eco Soc America}
}

@article{urban2012,
    title={A crucial step toward realism: responses to climate change from an evolving metacommunity perspective},
    author={Urban, Mark C and De Meester, Luc and Vellend, Mark and Stoks, Robby and Vanoverbeke, Joost},
    journal={Evolutionary Applications},
    volume={5},
    number={2},
    pages={154--167},
    year={2012},
    publisher={Wiley Online Library}
}

@article{pillai2011,
    title={Metacommunity theory explains the emergence of food web complexity},
    author={Pillai, Pradeep and Gonzalez, Andrew and Loreau, Michel},
    journal={Proceedings of the National Academy of Sciences},
    volume={108},
    number={48},
    pages={19293--19298},
    year={2011},
    publisher={National Acad Sciences}
}

@article{pillai2010,
  title={A patch-dynamic framework for food web metacommunities},
  author={Pillai, Pradeep and Loreau, Michel and Gonzalez, Andrew},
  journal={Theoretical Ecology},
  volume={3},
  number={4},
  pages={223--237},
  year={2010},
  publisher={Springer}
}

@article{winegardner2012,
    title={The terminology of metacommunity ecology},
    author={Winegardner, Amanda K and Jones, Brittany K and Ng, Ingrid SY and Siqueira, Tadeu and Cottenie, Karl},
    journal={Trends in ecology \& evolution},
    volume={27},
    number={5},
    pages={253--254},
    year={2012},
    publisher={Elsevier Current Trends}
}

@article{cobbold2014,
    title={Mean occupancy time: linking mechanistic movement models, population dynamics and landscape ecology to population persistence},
    author={Cobbold, Christina A and Lutscher, Frithjof},
    journal={Journal of mathematical biology},
    volume={68},
    number={3},
    pages={549--579},
    year={2014},
    publisher={Springer}
}

@article{hanski2000,
  title={The metapopulation capacity of a fragmented landscape},
  author={Hanski, Ilkka and Ovaskainen, Otso},
  journal={Nature},
  volume={404},
  number={6779},
  pages={755--758},
  year={2000},
  publisher={Nature Publishing Group}
}

@article{ovaskainen2001,
  title={Spatially structured metapopulation models: global and local assessment of metapopulation capacity},
  author={Ovaskainen, Otso and Hanski, Ilkka},
  journal={Theoretical population biology},
  volume={60},
  number={4},
  pages={281--302},
  year={2001},
  publisher={Elsevier}
}

@article{hanski2003,
  title={Metapopulation theory for fragmented landscapes},
  author={Hanski, Ilkka and Ovaskainen, Otso},
  journal={Theoretical population biology},
  volume={64},
  number={1},
  pages={119--127},
  year={2003},
  publisher={Elsevier}
}

@article{ovaskainen2004,
  title={From individual behavior to metapopulation dynamics: unifying the patchy population and classic metapopulation models},
  author={Ovaskainen, Otso and Hanski, Ilkka},
  journal={The American Naturalist},
  volume={164},
  number={3},
  pages={364--377},
  year={2004},
  publisher={JSTOR}
}

@Misc{scipy,
    author = {Eric Jones and Travis Oliphant and Pearu Peterson and others},
    title = {{SciPy}: Open source scientific tools for {Python}},
    year = {2001--},
    howpublished = {\url{http://www.scipy.org/}},
    note = {[Online; accessed 2014-09-10]}
}

@Manual{sympy,
    title = {SymPy: Python library for symbolic mathematics},
    author = {{SymPy Development Team}},
    year = {2014},
    url = {http://www.sympy.org},
}

@article{levins1966,
  title={The strategy of model building in population biology},
  author={Levins, Richard},
  journal={American scientist},
  volume={54},
  number={4},
  pages={421--431},
  year={1966},
  publisher={JSTOR}
}



@InBook{leibold2011,
  author = 	 {Leibold, Mathew A},
  editor = 	 {Scheiner, Samuel M and Willig M R},
  title = 	 {The metacommunity concept and its theoretical underpinnings},
  booktitle =    {The Theory of Ecology},
  publisher = 	 {University of Chicago Press},
  year = 	 {2011},
  address = {Chicago}

}

