@article{lewinsohn2006structure,
  title={Structure in plant--animal interaction assemblages},
  author={Lewinsohn, Thomas M and In{\'a}cio Prado, Paulo and Jordano, Pedro and Bascompte, Jordi and M Olesen, Jens},
  journal={Oikos},
  volume={113},
  number={1},
  pages={174--184},
  year={2006},
  publisher={Blackwell Publishing Ltd}
}

@book{lewinsohn2002biodiversidade,
  title={Biodiversidade brasileira: s{\'\i}ntese do estado atual do conhecimento},
  author={Lewinsohn, Thomas and Prado, Paulo In{\'a}cio},
  year={2002},
  publisher={Editora Contexto S{\~a}o Paulo}
}

@article{becker2007habitat,
  title={Habitat split and the global decline of amphibians},
  author={Becker, Carlos Guilherme and Fonseca, Carlos Roberto and Haddad, C{\'e}lio Fernando Baptista and Batista, R{\^o}mulo Fernandes and Prado, Paulo In{\'a}cio},
  journal={Science},
  volume={318},
  number={5857},
  pages={1775--1777},
  year={2007},
  publisher={American Association for the Advancement of Science}
}

@article{prado2004compartments,
  title={Compartments in insect--plant associations and their consequences for community structure},
  author={Prado, Paulo In{\'a}cio and Lewinsohn, Thomas Michael},
  journal={Journal of Animal Ecology},
  volume={73},
  number={6},
  pages={1168--1178},
  year={2004},
  publisher={Blackwell Science Ltd}
}

@article{pardini2010beyond,
  title={Beyond the fragmentation threshold hypothesis: regime shifts in biodiversity across fragmented landscapes},
  author={Pardini, Renata and de Arruda Bueno, Adriana and Gardner, Toby A and Prado, Paulo In{\'a}cio and Metzger, Jean Paul},
  journal={Plos One},
  volume={5},
  number={10},
  pages={e13666},
  year={2010},
  publisher={Public Library of Science}
}

@article{ribeiro2012importance,
  title={The importance of small scales to the fruit-feeding butterfly assemblages in a fragmented landscape},
  author={Ribeiro, Danilo Bandini and Batista, R{\^o}mulo and Prado, Paulo I and Brown Jr, Keith S and Freitas, Andr{\'e} VL},
  journal={Biodiversity and Conservation},
  volume={21},
  number={3},
  pages={811--827},
  year={2012},
  publisher={Springer Netherlands}
}

@article{laporta2013biodiversity,
  title={Biodiversity can help prevent malaria outbreaks in tropical forests},
  author={Laporta, Gabriel Zorello and de Prado, Paulo In{\'a}cio Knegt Lopez and Kraenkel, Roberto Andr{\'e} and Coutinho, Renato Mendes and Sallum, Maria Anice Mureb},
  journal={PLoS neglected tropical diseases},
  volume={7},
  number={3},
  pages={e2139},
  year={2013},
  publisher={Public Library of Science}
}

@article{prado2014package,
  title={Package ‘sads’},
  author={Prado, Paulo I and Miranda, Murilo Dantas and Prado, Maintainer Paulo I and Depends, MASS},
  year={2014}
}

@article{de2014benefit,
  title={Benefit of Shading by Nurse Plant Does Not Change along a Stress Gradient in a Coastal Dune},
  author={de Toledo Castanho, Camila and Prado, Paulo In{\'a}cio},
  journal={PloS one},
  volume={9},
  number={8},
  pages={e105082},
  year={2014},
  publisher={Public Library of Science}
}

@article{puttker2014ecological,
  title={Ecological filtering or random extinction? Beta-diversity patterns and the importance of niche-based and neutral processes following habitat loss},
  author={P{\"u}ttker, Thomas and de Arruda Bueno, Adriana and Prado, Paulo I and Pardini, Renata},
  journal={Oikos},
  year={2014},
  publisher={Blackwell Publishing Ltd}
}

@article{jorge2014integrated,
  title={An integrated framework to improve the concept of resource specialisation},
  author={Jorge, Leonardo R and Prado, Paulo I and Almeida-Neto, M{\'a}rio and Lewinsohn, Thomas M},
  journal={Ecology letters},
  year={2014}
}
