@article{amarasekare2014,
  title={Effects of Temperature on Intraspecific Competition in Ectotherms},
  author={Priyanga Amarasekare and Renato M. Coutinho},
  journal={The American Naturalist},
  year=2014,
  volume=184,
  number={3},
  pages={E50--E65},
  publisher={The University of Chicago Press}
}

@article{coutinho2012,
  title={Integrodifference model for blowfly invasion},
  author={Coutinho, Renato Mendes and Godoy, Wesley Augusto Conde and Kraenkel, Roberto Andr{\'e}},
  journal={Theoretical Ecology},
  volume={5},
  number={3},
  pages={363--371},
  year={2012},
  publisher={Springer Netherlands}
}

@article{assaneo2013,
  title={Dynamics and coexistence in a system with intraguild mutualism},
  author={Assaneo, Florencia and Coutinho, Renato Mendes and Lin, Yangchen and Mantilla, Carlos and Lutscher, Frithjof},
  journal={Ecological Complexity},
  volume={14},
  pages={64--74},
  year={2013},
  publisher={Elsevier}
}

@article{laporta2013,
  title={Biodiversity Can Help Prevent Malaria Outbreaks in Tropical Forests},
  author={Laporta, Gabriel Zorello and de Prado, Paulo In{\'a}cio Knegt Lopez and Kraenkel, Roberto Andr{\'e} and Coutinho, Renato Mendes and Sallum, Maria Anice Mureb},
  journal={PLoS Neglected Tropical Diseases},
  volume={7},
  number={3},
  pages={e2139},
  year={2013},
  publisher={Public Library of Science}
}

@article{fonseca2013,
  title={Modeling habitat split: landscape and life history traits determine amphibian extinction thresholds},
  author={Fonseca, Carlos Roberto and Coutinho, Renato M and Azevedo, Franciane and Berbert, Juliana M and Corso, Gilberto and Kraenkel, Roberto A},
  journal={PLOS ONE},
  volume={8},
  number={6},
  pages={e66806},
  year={2013},
  publisher={Public Library of Science}
}

@article{amarasekare2013,
  title={The intrinsic growth rate as a predictor of population viability under climate warming},
  author={Amarasekare, Priyanga and Coutinho, Renato M},
  journal={Journal of Animal Ecology},
  volume={82},
  number={6},
  pages={1240--1253},
  year={2013}
}

@article{moretti2013,
  title={Quantitative and qualitative dynamics of exotic and native blowflies (Diptera: Calliphoridae) with migrations among municipalities},
  author={Moretti, T. C. and Coutinho, R. M. and Moral, R. A. and Ferreira, C. P. and Godoy, W. A. C.},
  journal={Community Ecology},
  volume={14},
  number={2},
  pages={249--257},
  year={2013},
  publisher={Akad{\'e}miai Kiad{\'o}}
}

@article{azevedo2014,
  title={Spatial Dynamics of a Population with Stage-Dependent Diffusion},
  author={Azevedo, F and Coutinho, R M and Kraenkel, R A},
  journal={Communications in Nonlinear Science and Numerical Simulation},
  year={2014},
  publisher={Elsevier}
}

phdthesis{coutinho2010,
  title={Equa{\c{c}}{\~o}es diferenciais com retardo em biologia de popula{\c{c}}{\~o}es},
  author={Coutinho, Renato Mendes},
  year={2010},
  school={Intituto de F{\'\i}sica Te{\'o}rica - Unesp}
}

misc{SSSMB2012,
    author={Kraenkel, Roberto Andr{\'e} and de Prado, Paulo In{\'a}cio Knegt Lopez and Clerc, Marcel},
    title = {Southern-Summer School on Mathematical Biology},
    howpublished = {\url{http://www.ictp-saifr.org/?page_id=1073}},
    year=2012,
    note = {Acessado em: 2014-08-21}
}

misc{SSSMB2013,
    author={Kraenkel, Roberto Andr{\'e} and de Prado, Paulo In{\'a}cio Knegt Lopez and Clerc, Marcel},
    title = {Southern-Summer School on Mathematical Biology II},
    howpublished = {\url{http://www.ictp-saifr.org/?page_id=2363}},
    year=2013,
    note = {Acessado em: 2014-08-21}
}

misc{SSSMB2014,
    author={Kraenkel, Roberto Andr{\'e} and de Prado, Paulo In{\'a}cio Knegt Lopez and Clerc, Marcel},
    title = {Southern-Summer School on Mathematical Biology III},
    howpublished = {\url{http://www.ictp-saifr.org/?page_id=4634}},
    year=2014,
    note = {Acessado em: 2014-08-21}
}
